<record><leader>00000cas a22000007a 4500</leader><controlfield tag="001">13908972</controlfield><controlfield tag="008">860721d18571858iauwr ne      0    0eng d</controlfield><datafield ind1=" " ind2=" " tag="010"><subfield code="a">sn 86061044 </subfield></datafield><datafield ind1=" " ind2=" " tag="040"><subfield code="a">INP</subfield><subfield code="b">eng</subfield><subfield code="c">INP</subfield><subfield code="d">NPH</subfield><subfield code="d">INP</subfield><subfield code="d">OCLCQ</subfield></datafield><datafield ind1=" " ind2=" " tag="042"><subfield code="a">msc</subfield></datafield><datafield ind1="0" ind2="0" tag="245"><subfield code="a">Ward's own.</subfield></datafield><datafield ind1=" " ind2=" " tag="260"><subfield code="a">Troy, Iowa :</subfield><subfield code="b">W.G. Ward,</subfield><subfield code="c">-1858.</subfield></datafield><datafield ind1=" " ind2=" " tag="300"><subfield code="a">v. :</subfield><subfield code="b">ill.</subfield></datafield><datafield ind1=" " ind2=" " tag="310"><subfield code="a">Weekly</subfield></datafield><datafield ind1="1" ind2=" " tag="362"><subfield code="a">Began with Apr. 10, 1857 issue.</subfield><subfield code="z">Cf. Bibl. of Iowa newspapers.</subfield></datafield><datafield ind1="0" ind2=" " tag="362"><subfield code="a">-v. 5, no. 15 (Aug. 28, 1858).</subfield></datafield><datafield ind1=" " ind2=" " tag="500"><subfield code="a">Published in Troy, Iowa, &lt;May 8-June 6, 1857&gt;; in Bloomfield, Iowa, &lt;July 9, 1857&gt;-Aug. 28, 1858.</subfield></datafield><datafield ind1=" " ind2=" " tag="588"><subfield code="a">Description based on: Vol. 1, no. 4 (May 8, 1857).</subfield></datafield><datafield ind1=" " ind2=" " tag="752"><subfield code="a">United States</subfield><subfield code="b">Iowa</subfield><subfield code="c">Davis</subfield><subfield code="d">Troy.</subfield></datafield><datafield ind1=" " ind2=" " tag="752"><subfield code="a">United States</subfield><subfield code="b">Iowa</subfield><subfield code="c">Davis</subfield><subfield code="d">Bloomfield.</subfield></datafield><datafield ind1="0" ind2="0" tag="780"><subfield code="t">Davis County Democrat</subfield></datafield><datafield ind1="0" ind2="0" tag="785"><subfield code="t">Davis County index</subfield><subfield code="w">(DLC)sn 86061045</subfield></datafield></record>